<record><leader>00000cas a22000007a 4500</leader><controlfield tag="001">20546364</controlfield><controlfield tag="008">891025d194819uupauwr ne      0    0eng d</controlfield><datafield ind1=" " ind2=" " tag="010"><subfield code="a">sn 89077304 </subfield></datafield><datafield ind1=" " ind2=" " tag="040"><subfield code="a">NPH</subfield><subfield code="b">eng</subfield><subfield code="c">NPH</subfield><subfield code="d">OCLCQ</subfield></datafield><datafield ind1=" " ind2=" " tag="042"><subfield code="a">msc</subfield></datafield><datafield ind1="0" ind2="0" tag="245"><subfield code="a">Cross Keys reporter.</subfield></datafield><datafield ind1=" " ind2=" " tag="260"><subfield code="a">Cross Keys, Pa. :</subfield><subfield code="b">Cross Keys Businessman's Assoc.</subfield></datafield><datafield ind1=" " ind2=" " tag="300"><subfield code="a">v. :</subfield><subfield code="b">ill. ;</subfield><subfield code="c">44 cm.</subfield></datafield><datafield ind1=" " ind2=" " tag="310"><subfield code="a">Weekly</subfield></datafield><datafield ind1="1" ind2=" " tag="362"><subfield code="a">Began in 1948.</subfield></datafield><datafield ind1=" " ind2=" " tag="500"><subfield code="a">Published also in Doylestown, Pa.</subfield></datafield><datafield ind1=" " ind2=" " tag="500"><subfield code="a">"An independent community newspaper published by the Cross Keys Businessmen's Association."</subfield></datafield><datafield ind1=" " ind2=" " tag="588"><subfield code="a">Description based on: Vol. 1, no. 3 (Jan. 22, 1948).</subfield></datafield><datafield ind1=" " ind2=" " tag="752"><subfield code="a">United States</subfield><subfield code="b">Pennsylvania</subfield><subfield code="c">Bucks</subfield><subfield code="d">Cross Keys.</subfield></datafield><datafield ind1=" " ind2=" " tag="752"><subfield code="a">United States</subfield><subfield code="b">Pennsylvania</subfield><subfield code="d">Bucks</subfield><subfield code="d">Doylestown.</subfield></datafield></record>